<?xml version="1.0" encoding="UTF-8"?><collection xmlns="http://www.loc.gov/MARC21/slim"><record><leader>00606nam--2200181-u-4500</leader><controlfield tag="001">000053270</controlfield><controlfield tag="002">20161230</controlfield><controlfield tag="005">20161230201051</controlfield><controlfield tag="008">110117s1000------------r-----000-0-fre-d</controlfield><datafield ind1=" " ind2=" " tag="040"><subfield code="a">IFIN-HH</subfield></datafield><datafield ind1=" " ind2=" " tag="041"><subfield code="a">fre</subfield></datafield><datafield ind1=" " ind2=" " tag="080"><subfield code="a">533.95(043)</subfield></datafield><datafield ind1="1" ind2=" " tag="100"><subfield code="a">Gand, Michel</subfield></datafield><datafield ind1="1" ind2="0" tag="245"><subfield code="a">Relaxation d'un plasma d'helium cree par claquage rapide: cinetique des especes atomiques et moleculaires pour des pressions comprises entre 100 et 700 torr</subfield><subfield code="b">These</subfield><subfield code="c">Michel gand</subfield></datafield><datafield ind1=" " ind2=" " tag="260"><subfield code="a">Orleans</subfield><subfield code="b">Uer De Sciences Fondamentales Et Appliquees</subfield><subfield code="c">1978</subfield></datafield><datafield ind1=" " ind2=" " tag="300"><subfield code="a">186P</subfield></datafield><datafield ind1=" " ind2=" " tag="852"><subfield code="a">48518</subfield><subfield code="c">533.9</subfield></datafield><datafield ind1=" " ind2=" " tag="CAT"><subfield code="a">Sys</subfield><subfield code="c">20110117</subfield><subfield code="h">112009</subfield></datafield></record></collection>